@misc{cryptoeprint:2014:525,
    author = {Jingyuan Zhao and Xiaoyun Wang and Meiqin Wang and Xiaoyang Dong},
    title = {Differential Analysis on Block Cipher PRIDE},
    howpublished = {Cryptology ePrint Archive, Report 2014/525},
    year = {2014},
    note = {\url{https://eprint.iacr.org/2014/525}},
}
