@article{chinese,
author={伊文坛 and  田亚 and  陈少真},
title={减缩轮PRIDE算法的线性分析},
journal={电子学报},
year={2017},
volume={45},
number={2},
pages={468-476},
month={5},
note={\url{http://d.wanfangdata.com.cn/periodical/dianzixb201702028}},
}
