@Article{Hatzivasilis2018,
author={Hatzivasilis, George
and Fysarakis, Konstantinos
and Papaefstathiou, Ioannis
and Manifavas, Charalampos},
title={A review of lightweight block ciphers},
journal={Journal of Cryptographic Engineering},
year={2018},
month={Jun},
day={01},
volume={8},
number={2},
pages={141-184},
issn={2190-8516},
doi={10.1007/s13389-017-0160-y},
note={\url{https://doi.org/10.1007/s13389-017-0160-y}},
}


