@manual{ciphers:2020,
      title  = "FELICS block cipher implementations",
      author = "",
      note   = "\url{https://www.cryptolux.org/index.php/FELICS_Block_Ciphers_Brief_Results}",
      year   = "2020 (accessed November 21, 2020)"
    }
